<?xml version="1.0" encoding="UTF-8"?><collection xmlns="http://www.loc.gov/MARC21/slim"><record><leader>00634nam--2200217-u-4500</leader><controlfield tag="001">000051586</controlfield><controlfield tag="002">20161230</controlfield><controlfield tag="005">20170302084340</controlfield><controlfield tag="008">080807s1000------------r-----000-0-eng-d</controlfield><datafield ind1=" " ind2=" " tag="020"><subfield code="a">0-521-54589-7</subfield></datafield><datafield ind1=" " ind2=" " tag="040"><subfield code="a">IFIN-HH</subfield></datafield><datafield ind1=" " ind2=" " tag="080"><subfield code="a">53.06</subfield></datafield><datafield ind1="1" ind2=" " tag="100"><subfield code="a">Ellis, R.K</subfield></datafield><datafield ind1="1" ind2="0" tag="245"><subfield code="a">QDC and Collider Physics</subfield><subfield code="c">R.K. Ellis W.J. Stirling R.B. Webber</subfield></datafield><datafield ind1=" " ind2=" " tag="260"><subfield code="a">Cambridge</subfield><subfield code="b">Cambridge University Press</subfield><subfield code="c">2003</subfield></datafield><datafield ind1=" " ind2=" " tag="300"><subfield code="a">435 p</subfield></datafield><datafield ind1=" " ind2=" " tag="490"><subfield code="a">Cambridge Monographs on Particle Physics, Nuclear Physics and Cosmology</subfield><subfield code="v">vol. 8</subfield></datafield><datafield ind1="1" ind2=" " tag="700"><subfield code="a">W.J Striling</subfield></datafield><datafield ind1=" " ind2=" " tag="700"><subfield code="a">B.R. Webber</subfield></datafield><datafield ind1=" " ind2=" " tag="852"><subfield code="a">82099</subfield><subfield code="c">539.12</subfield></datafield><datafield ind1=" " ind2=" " tag="CAT"><subfield code="a">SYS</subfield><subfield code="c">20170302</subfield><subfield code="h">084340</subfield></datafield></record></collection>